<?xml version="1.0" encoding="UTF-8" ?>
<collection xmlns:xsi="http://www.w3.org/2001/XMLSchema-instance" xsi:schemaLocation="http://www.loc.gov/MARC21/slim http://www.loc.gov/standards/marcxml/schema/MARC21slim.xsd" xmlns="http://www.loc.gov/MARC21/slim">
   <record>
      <leader>     cam a22     K  4500</leader>
      <controlfield tag="001">4853013</controlfield>
      <controlfield tag="003">NIC</controlfield>
      <controlfield tag="005">20140722201730.0</controlfield>
      <controlfield tag="008">940302s1951    ua            000 0 ara d</controlfield>
      <datafield tag="035" ind1=" " ind2=" ">
         <subfield code="a">(OCoLC)29895525</subfield>
      </datafield>
      <datafield tag="035" ind1=" " ind2=" ">
         <subfield code="a">4853013</subfield>
      </datafield>
      <datafield tag="040" ind1=" " ind2=" ">
         <subfield code="a">CUY</subfield>
         <subfield code="c">CUY</subfield>
         <subfield code="d">NIC</subfield>
      </datafield>
      <datafield tag="090" ind1=" " ind2=" ">
         <subfield code="a">PJ7817.H88</subfield>
         <subfield code="b">M8</subfield>
      </datafield>
      <datafield tag="100" ind1="1" ind2=" ">
         <subfield code="a">Ḥuṣrī, Abū Khaldūn Sāṭiʻ,</subfield>
         <subfield code="d">1881-1968.</subfield>
      </datafield>
      <datafield tag="245" ind1="1" ind2="0">
         <subfield code="a">Muḥāḍarāt fī nushūʻ al-fikra al-ḳawmīya.</subfield>
      </datafield>
      <datafield tag="260" ind1=" " ind2=" ">
         <subfield code="a">[Cairo] :</subfield>
         <subfield code="b">Maṭbaʻat al-risāla,</subfield>
         <subfield code="c">1951.</subfield>
      </datafield>
      <datafield tag="300" ind1=" " ind2=" ">
         <subfield code="a">243 p.</subfield>
      </datafield>
      <datafield tag="500" ind1=" " ind2=" ">
         <subfield code="a">Translation of title: Lectures on the development of nationalist thought.</subfield>
      </datafield>
      <datafield tag="650" ind1=" " ind2="0">
         <subfield code="a">Arabs.</subfield>
      </datafield>
      <datafield tag="650" ind1=" " ind2="0">
         <subfield code="a">Nationalism</subfield>
         <subfield code="z">Middle East.</subfield>
      </datafield>
      <datafield tag="948" ind1="2" ind2=" ">
         <subfield code="a">20031001</subfield>
         <subfield code="b">x</subfield>
         <subfield code="d">batch</subfield>
         <subfield code="e">lts</subfield>
      </datafield>
      <datafield tag="948" ind1="3" ind2=" ">
         <subfield code="a">20031001</subfield>
         <subfield code="h">recon1</subfield>
         <subfield code="i">edx.mars.coo.ftp.V03M09.CC.bib</subfield>
      </datafield>
      <datafield tag="903" ind1=" " ind2=" ">
         <subfield code="a">NYUACO</subfield>
         <subfield code="d">20141028</subfield>
         <subfield code="p">31924030437770</subfield>
      </datafield>
      <datafield tag="950" ind1=" " ind2=" ">
         <subfield code="a">JC311</subfield>
         <subfield code="b">.H96</subfield>
         <subfield code="v"> </subfield>
      </datafield>
   </record>
</collection>
